@online{online:SelfEmployed,
  author = {C.N. Le},
  title = {Asian Small Business},
  year = {2015},
  url = {http://www.asian-nation.org/small-business.shtml},
  urldate = {\today}
}

@online{online:AsianAmericanChar,
  author = {Linda Nguyen},
  title = {Characteristics of the Traditional Asian Family},
  year = {2002},
  url = {http://www.coedu.usf.edu/zalaquett/mcdp/Asian%20handout.htm},
  urldate = {\today}
}
@book{book:ISelected,
  author = {Grace J. Yoo, Barbara W. Kim},
  title = {Caring Across Generations: The Linked Lives of Korean American Families},
  publisher = {NYU Press},
  year = {2014}	
}
